@misc{scikit-learn-map,
    title={Choosing the right estimator - Machine Learning Map},
    author={{Scikit Learn Contributors}},
    year={2024},
    howpublished={\url{https://scikit-learn.org/1.4/tutorial/machine_learning_map/index.html}}
    }


@misc{sascha2017svm,
    author = {sascha},
    title = {Answer to "scikit-learn: what is the difference between SVC and SGD?"},
    year = {2017},
    note = {Stack Overflow answer posted on December 29, 2017},
    url = {https://stackoverflow.com/a/48022399},
    howpublished = {\url{https://stackoverflow.com/a/48022399}}
}


@inproceedings{alexnet,
 author = {Krizhevsky, Alex and Sutskever, Ilya and Hinton, Geoffrey E},
 booktitle = {Advances in Neural Information Processing Systems},
 editor = {F. Pereira and C.J. Burges and L. Bottou and K.Q. Weinberger},
 pages = {},
 publisher = {Curran Associates, Inc.},
 title = {ImageNet Classification with Deep Convolutional Neural Networks},
 url = {https://proceedings.neurips.cc/paper_files/paper/2012/file/c399862d3b9d6b76c8436e924a68c45b-Paper.pdf},
 volume = {25},
 year = {2012}
}


@misc{yolo,
      title={You Only Look Once: Unified, Real-Time Object Detection}, 
      author={Joseph Redmon and Santosh Divvala and Ross Girshick and Ali Farhadi},
      year={2016},
      eprint={1506.02640},
      archivePrefix={arXiv},
      primaryClass={cs.CV},
      url={https://arxiv.org/abs/1506.02640}, 
}

@misc{ren2016fasterrcnnrealtimeobject,
      title={Faster R-CNN: Towards Real-Time Object Detection with Region Proposal Networks}, 
      author={Shaoqing Ren and Kaiming He and Ross Girshick and Jian Sun},
      year={2016},
      eprint={1506.01497},
      archivePrefix={arXiv},
      primaryClass={cs.CV},
      url={https://arxiv.org/abs/1506.01497}, 
}


@misc{ahmad2024sh17datasethumansafety,
      title={SH17: A Dataset for Human Safety and Personal Protective Equipment Detection in Manufacturing Industry}, 
      author={Hafiz Mughees Ahmad and Afshin Rahimi},
      year={2024},
      eprint={2407.04590},
      archivePrefix={arXiv},
      primaryClass={cs.CV},
      url={https://arxiv.org/abs/2407.04590}, 
}

@misc{plvs2023hogdetection,
    author = {Plvs, Sam},
    title = {Object detection via HOG-SVM},
    year = {2023},
    publisher = {GitHub},
    journal = {GitHub repository},
    url={https://github.com/SamPlvs/Object-detection-via-HOG-SVM},
    commit = {Accessed: 2024-12-06}
}

@article{scikit-learn,
 title={Scikit-learn: Machine Learning in {P}ython},
 author={Pedregosa, F. and Varoquaux, G. and Gramfort, A. and Michel, V.
         and Thirion, B. and Grisel, O. and Blondel, M. and Prettenhofer, P.
         and Weiss, R. and Dubourg, V. and Vanderplas, J. and Passos, A. and
         Cournapeau, D. and Brucher, M. and Perrot, M. and Duchesnay, E.},
 journal={Journal of Machine Learning Research},
 volume={12},
 pages={2825--2830},
 year={2011}
}

@article{vanderwalt2014scikit,
    author = {van der Walt, St{\'e}fan and Sch{\"o}nberger, Johannes L. and Nunez-Iglesias, Juan and Boulogne, Fran{\c{c}}ois and Warner, Joshua D. and Yager, Neil and Gouillart, Emmanuelle and Yu, Tony and {the scikit-image contributors}},
    title = {scikit-image: Image processing in {Python}},
    journal = {PeerJ},
    volume = {2},
    pages = {e453},
    year = {2014},
    doi = {10.7717/peerj.453}
}

@book{reddi2024mlsystems,
    author = {Janapa Reddi, Vijay},
    title = {Machine Learning Systems: Principles and Practices of Engineering Artificially Intelligent Systems},
    year = {2024},
    publisher = {Harvard University},
    note = {Online open-source book, Last updated: November 19, 2024},
    url = {https://harvard-edge.github.io/cs249r_book/}
}

@article{lowe2004distinctive,
    author = {Lowe, David G.},
    title = {Distinctive Image Features from Scale-Invariant Keypoints},
    journal = {International Journal of Computer Vision},
    volume = {60},
    number = {2},
    pages = {91--110},
    year = {2004},
    doi = {10.1023/B:VISI.0000029664.99615.94}
}

@INPROCEEDINGS{1238422,
  author={Viola and Jones and Snow},
  booktitle={Proceedings Ninth IEEE International Conference on Computer Vision}, 
  title={Detecting pedestrians using patterns of motion and appearance}, 
  year={2003},
  volume={},
  number={},
  pages={734-741 vol.2},
  keywords={Motion detection;Detectors;Face detection;Image resolution;Humans;Motion analysis;Snow;Rain;Pattern recognition;Object detection},
  doi={10.1109/ICCV.2003.1238422}}


@article{papageorgiou2000trainable,
    author = {Papageorgiou, Constantine and Poggio, Tomaso},
    title = {A Trainable System for Object Detection},
    journal = {International Journal of Computer Vision},
    volume = {38},
    number = {1},
    pages = {15--33},
    year = {2000},
    doi = {10.1023/A:1008162616689}
}

@inproceedings{ronfard2002learning,
    author = {Ronfard, R. and Schmid, C. and Triggs, B.},
    title = {Learning to Parse Pictures of People},
    booktitle = {Proceedings of the 7th European Conference on Computer Vision},
    year = {2002},
    volume = {IV},
    pages = {700--714},
    address = {Copenhagen, Denmark}
}


@INPROCEEDINGS{HOGpaper,
  author={Dalal, N. and Triggs, B.},
  booktitle={2005 IEEE Computer Society Conference on Computer Vision and Pattern Recognition (CVPR'05)}, 
  title={Histograms of oriented gradients for human detection}, 
  year={2005},
  volume={1},
  number={},
  pages={886-893 vol. 1},
  keywords={Histograms;Humans;Robustness;Object recognition;Support vector machines;Object detection;Testing;Image edge detection;High performance computing;Image databases},
  doi={10.1109/CVPR.2005.177}
  }


@misc{cocodatasetpage,
    title = {COCO - Common Objects in Context},
    author = {Lin, Tsung-Yi and Maire, Michael and Belongie, Serge and Bourdev, Lubomir and Girshick, Ross and Hays, James and Perona, Pietro and Ramanan, Deva and Zitnick, C. Lawrence and Doll√°r, Piotr},
    url = {https://cocodataset.org/},
    year = {2015},
    note = {Accessed: 2024-12-06}
}